<record><leader>00000cas a2200000 a 4500</leader><controlfield tag="001">12240663</controlfield><controlfield tag="008">850708d18951895ksudr ne      0    0eng d</controlfield><datafield ind1=" " ind2=" " tag="010"><subfield code="a">sn 85029416 </subfield></datafield><datafield ind1=" " ind2=" " tag="040"><subfield code="a">KSH</subfield><subfield code="b">eng</subfield><subfield code="c">KSH</subfield><subfield code="d">NPT</subfield><subfield code="d">OCL</subfield><subfield code="d">OCLCQ</subfield></datafield><datafield ind1=" " ind2=" " tag="042"><subfield code="a">msc</subfield></datafield><datafield ind1="0" ind2="0" tag="245"><subfield code="a">Daily normal migma.</subfield></datafield><datafield ind1=" " ind2=" " tag="260"><subfield code="a">Burlingame, Kan. :</subfield><subfield code="b">F.M. Stevens &amp; Co.,</subfield><subfield code="c">1895.</subfield></datafield><datafield ind1=" " ind2=" " tag="300"><subfield code="a">1 v. ;</subfield><subfield code="c">31 cm.</subfield></datafield><datafield ind1=" " ind2=" " tag="310"><subfield code="a">Daily (except Sunday)</subfield></datafield><datafield ind1="0" ind2=" " tag="362"><subfield code="a">Vol. 1, no. 1 (May 25, 1895)-v. 1, no. 37 (July 6, 1895).</subfield></datafield><datafield ind1=" " ind2=" " tag="500"><subfield code="a">"For the benefit of the institute," May 25-27, 1895; "for the benefit of Burlingame," May 27-July 6, 1895.</subfield></datafield><datafield ind1=" " ind2=" " tag="752"><subfield code="a">United States</subfield><subfield code="b">Kansas</subfield><subfield code="c">Osage</subfield><subfield code="d">Burlingame.</subfield></datafield></record>